@inproceedings{arc,
  title={ARC: A Self-Tuning, Low Overhead Replacement Cache.},
  author={Megiddo, Nimrod and Modha, Dharmendra S},
  booktitle={FAST},
  volume={3},
  number={2003},
  pages={115--130},
  year={2003}
}

@inproceedings{microsoft,
  title={Characterization of storage workload traces from production windows servers},
  author={Kavalanekar, Swaroop and Worthington, Bruce and Zhang, Qi and Sharda, Vishal},
  booktitle={2008 IEEE International Symposium on Workload Characterization},
  pages={119--128},
  year={2008},
  organization={IEEE}
}

@inproceedings{systor17,
  title={Understanding storage traffic characteristics on enterprise virtual desktop infrastructure},
  author={Lee, Chunghan and Kumano, Tatsuo and Matsuki, Tatsuma and Endo, Hiroshi and Fukumoto, Naoto and Sugawara, Mariko},
  booktitle={Proceedings of the 10th ACM International Systems and Storage Conference},
  pages={13},
  year={2017},
  organization={ACM}
}

@article{fiu,
  title={I/O deduplication: Utilizing content similarity to improve I/O performance},
  author={Koller, Ricardo and Rangaswami, Raju},
  journal={ACM Transactions on Storage (TOS)},
  volume={6},
  number={3},
  pages={13},
  year={2010},
  publisher={ACM}
}

@book{lru,
  title={Operating systems theory},
  author={Coffman, Edward Grady and Denning, Peter J},
  volume={973},
  year={1973},
  publisher={prentice-Hall Englewood Cliffs, NJ}
}

@article{lrfu,
  title={LRFU: A spectrum of policies that subsumes the least recently used and least frequently used policies},
  author={Lee, Donghee and Choi, Jongmoo and Kim, Jong-Hun and Noh, Sam H and Min, Sang Lyul and Cho, Yookun and Kim, Chong Sang},
  journal={IEEE transactions on Computers},
  number={12},
  pages={1352--1361},
  year={2001},
  publisher={IEEE}
}

@inproceedings{mq,
  title={The Multi-Queue Replacement Algorithm for Second Level Buffer Caches.},
  author={Zhou, Yuanyuan and Philbin, James and Li, Kai},
  booktitle={USENIX Annual Technical Conference, General Track},
  pages={91--104},
  year={2001}
}

@book{zfs,
  title={Solaris 10 ZFS Essentials},
  author={Watanabe, Scott},
  year={2009},
  publisher={Pearson Education}
}

@book{postgresql,
  title={PostgreSQL 9.0: High Performance},
  author={Smith, Gregory},
  year={2010},
  publisher={Packt Publishing Ltd}
}

@book{vsan,
  title={Essential Virtual SAN (VSAN): Administrator's Guide to VMware Virtual SAN},
  author={Hogan, Cormac and Epping, Duncan},
  year={2016},
  publisher={VMware Press}
}

@article{belady,
  title={A study of replacement algorithms for a virtual-storage computer},
  author={Belady, Laszlo A.},
  journal={IBM Systems journal},
  volume={5},
  number={2},
  pages={78--101},
  year={1966},
  publisher={IBM}
}

@book{fbr,
  title={Data cache management using frequency-based replacement},
  author={Robinson, John T and Devarakonda, Murthy V},
  volume={18},
  number={1},
  year={1990},
  publisher={ACM}
}

@article{lrfu,
  title={LRFU: A spectrum of policies that subsumes the least recently used and least frequently used policies},
  author={Lee, Donghee and Choi, Jongmoo and Kim, Jong-Hun and Noh, Sam H and Min, Sang Lyul and Cho, Yookun and Kim, Chong Sang},
  journal={IEEE transactions on Computers},
  number={12},
  pages={1352--1361},
  year={2001},
  publisher={IEEE}
}


@article{aip,
  title={Adaptive insertion policies for high performance caching},
  author={Qureshi, Moinuddin K and Jaleel, Aamer and Patt, Yale N and Steely, Simon C and Emer, Joel},
  journal={ACM SIGARCH Computer Architecture News},
  volume={35},
  number={2},
  pages={381--391},
  year={2007},
  publisher={ACM}
}

@article{larc,
  title={Improving flash-based disk cache with lazy adaptive replacement},
  author={Huang, Sai and Wei, Qingsong and Feng, Dan and Chen, Jianxi and Chen, Cheng},
  journal={ACM Transactions on Storage (TOS)},
  volume={12},
  number={2},
  pages={8},
  year={2016},
  publisher={ACM}
}

@inproceedings{sarc,
  title={SARC: Sequential Prefetching in Adaptive Replacement Cache.},
  author={Gill, Binny S and Modha, Dharmendra S},
  booktitle={USENIX Annual Technical Conference, General Track},
  pages={293--308},
  year={2005}
}

@inproceedings{cflru,
  title={CFLRU: a replacement algorithm for flash memory},
  author={Park, Seon-yeong and Jung, Dawoon and Kang, Jeong-uk and Kim, Jin-soo and Lee, Joonwon},
  booktitle={Proceedings of the 2006 international conference on Compilers, architecture and synthesis for embedded systems},
  pages={234--241},
  year={2006},
  organization={ACM}
}

@inproceedings{rrip,
  title={High performance cache replacement using re-reference interval prediction (RRIP)},
  author={Jaleel, Aamer and Theobald, Kevin B and Steely Jr, Simon C and Emer, Joel},
  booktitle={ACM SIGARCH Computer Architecture News},
  volume={38},
  number={3},
  pages={60--71},
  year={2010},
  organization={ACM}
}

@inproceedings{tpcc,
  title={Synthesizing representative I/O workloads using iterative distillation},
  author={Kurmas, Zachary and Keeton, Kimberly and Mackenzie, Kenneth},
  booktitle={11th IEEE/ACM International Symposium on Modeling, Analysis and Simulation of Computer Telecommunications Systems, 2003. MASCOTS 2003.},
  pages={6--15},
  year={2003},
  organization={IEEE}
}

@misc{snia,
  title={Storage Networking Industry Associationâ€™s Input/Output Traces, Tools, and Analysis},
  author={IOTTA, SNIA}
}

@inproceedings{ssd1,
  title={A regional popularity-aware cache replacement algorithm to improve the performance and lifetime of SSD-based disk cache},
  author={Ye, Feng and Chen, Jianxi and Fang, Xuejiao and Li, Jieqiong and Feng, Dan},
  booktitle={2015 IEEE international conference on networking, architecture and storage (NAS)},
  pages={45--53},
  year={2015},
  organization={IEEE}
}

@inproceedings{ssd2,
  title={SAC: Rethinking the cache replacement policy for SSD-based storage systems},
  author={Chen, Zhiguang and Xiao, Nong and Liu, Fang},
  booktitle={Proceedings of the 5th Annual International Systems and Storage Conference},
  pages={13},
  year={2012},
  organization={ACM}
}

@inproceedings{flash,
  title={FlashCache: a NAND flash memory file cache for low power web servers},
  author={Kgil, Taeho and Mudge, Trevor},
  booktitle={Proceedings of the 2006 international conference on Compilers, architecture and synthesis for embedded systems},
  pages={103--112},
  year={2006},
  organization={ACM}
}

@misc{opensource,
  author = {Jaehwan Jeong and Tackhee Lee},
  title = {After ARC : Advanced Operating System Project},
  year = {2019},
  publisher = {GitHub},
  journal = {GitHub repository},
  howpublished = {\url{https://github.com/koreanTonyStark/AdvOS\_ARC}},
}